@Book{bishop67,
  author =    {Erret Bishop},
  title =        {Foundations of Constructive Analysis},
  publisher =    {McGraw-Hill},
  year =         1967}

@Misc{lastfm:API,
  title =     {{L}ast.fm {API}},
  key = {last.fm},
  howpublished = {\url{https://www.last.fm/api/}},
  note =      {Accessed: \formatdate{27}{10}{2019}},
  year = 2019}

@Misc{lastfm,
  title =     {last.fm},
  key = {last.fm},
  howpublished = {\url{https://www.last.fm/}},
  year = 2019}

@Misc{gnumake,
  key = {{GNU} {Make}},
  howpublished = {\url{https://www.gnu.org/software/make/}},
  year = {2019}
}
